%YAML 1.1
%TAG !u! tag:unity3d.com,2011:
--- !u!1 &178598
GameObject:
  m_ObjectHideFlags: 0
  m_PrefabParentObject: {fileID: 0}
  m_PrefabInternal: {fileID: 100100000}
  serializedVersion: 5
  m_Component:
  - component: {fileID: 412880}
  - component: {fileID: 3338562}
  - component: {fileID: 6518640}
  - component: {fileID: 2390208}
  - component: {fileID: 5438468}
  - component: {fileID: 11468498}
  - component: {fileID: 11436602}
  m_Layer: 13
  m_Name: enemyProjectile
  m_TagString: EnemyProjectile
  m_Icon: {fileID: 0}
  m_NavMeshLayer: 0
  m_StaticEditorFlags: 0
  m_IsActive: 1
--- !u!4 &412880
Transform:
  m_ObjectHideFlags: 1
  m_PrefabParentObject: {fileID: 0}
  m_PrefabInternal: {fileID: 100100000}
  m_GameObject: {fileID: 178598}
  m_LocalRotation: {x: -0.7071068, y: 0, z: 0, w: 0.7071067}
  m_LocalPosition: {x: 1.1682382, y: 0.47572184, z: -15.066157}
  m_LocalScale: {x: 0.10593346, y: 0.08004495, z: 0.09906655}
  m_Children: []
  m_Father: {fileID: 0}
  m_RootOrder: 0
  m_LocalEulerAnglesHint: {x: 0, y: 0, z: 0}
--- !u!23 &2390208
MeshRenderer:
  m_ObjectHideFlags: 1
  m_PrefabParentObject: {fileID: 0}
  m_PrefabInternal: {fileID: 100100000}
  m_GameObject: {fileID: 178598}
  m_Enabled: 1
  m_CastShadows: 1
  m_ReceiveShadows: 1
  m_MotionVectors: 1
  m_LightProbeUsage: 1
  m_ReflectionProbeUsage: 1
  m_Materials:
  - {fileID: 2100000, guid: 24e16b564a20fe041a283caee3eb7f27, type: 2}
  m_StaticBatchInfo:
    firstSubMesh: 0
    subMeshCount: 0
  m_StaticBatchRoot: {fileID: 0}
  m_ProbeAnchor: {fileID: 0}
  m_LightProbeVolumeOverride: {fileID: 0}
  m_ScaleInLightmap: 1
  m_PreserveUVs: 1
  m_IgnoreNormalsForChartDetection: 0
  m_ImportantGI: 0
  m_SelectedEditorRenderState: 3
  m_MinimumChartSize: 4
  m_AutoUVMaxDistance: 0.5
  m_AutoUVMaxAngle: 89
  m_LightmapParameters: {fileID: 0}
  m_SortingLayerID: 0
  m_SortingLayer: 0
  m_SortingOrder: 0
--- !u!33 &3338562
MeshFilter:
  m_ObjectHideFlags: 1
  m_PrefabParentObject: {fileID: 0}
  m_PrefabInternal: {fileID: 100100000}
  m_GameObject: {fileID: 178598}
  m_Mesh: {fileID: 10202, guid: 0000000000000000e000000000000000, type: 0}
--- !u!54 &5438468
Rigidbody:
  m_ObjectHideFlags: 1
  m_PrefabParentObject: {fileID: 0}
  m_PrefabInternal: {fileID: 100100000}
  m_GameObject: {fileID: 178598}
  serializedVersion: 2
  m_Mass: 100
  m_Drag: 0
  m_AngularDrag: 8
  m_UseGravity: 0
  m_IsKinematic: 0
  m_Interpolate: 0
  m_Constraints: 120
  m_CollisionDetection: 0
--- !u!65 &6518640
BoxCollider:
  m_ObjectHideFlags: 1
  m_PrefabParentObject: {fileID: 0}
  m_PrefabInternal: {fileID: 100100000}
  m_GameObject: {fileID: 178598}
  m_Material: {fileID: 0}
  m_IsTrigger: 1
  m_Enabled: 1
  serializedVersion: 2
  m_Size: {x: 5, y: 5, z: 5}
  m_Center: {x: 0, y: 0, z: 0}
--- !u!114 &11436602
MonoBehaviour:
  m_ObjectHideFlags: 1
  m_PrefabParentObject: {fileID: 0}
  m_PrefabInternal: {fileID: 100100000}
  m_GameObject: {fileID: 178598}
  m_Enabled: 1
  m_EditorHideFlags: 0
  m_Script: {fileID: 11500000, guid: 6e14ebe177c20874eb08f2ab98457336, type: 3}
  m_Name: 
  m_EditorClassIdentifier: 
  speed: 5
  expdEffect: {fileID: 0}
  damageToGive: 0
  lastPosition: {x: 0, y: 0, z: 0}
  DistanceTraveled: 0
  maxDistance: 400
  predictionRange: 2
--- !u!114 &11468498
MonoBehaviour:
  m_ObjectHideFlags: 1
  m_PrefabParentObject: {fileID: 0}
  m_PrefabInternal: {fileID: 100100000}
  m_GameObject: {fileID: 178598}
  m_Enabled: 1
  m_EditorHideFlags: 0
  m_Script: {fileID: 11500000, guid: 25030abcbe1ac3944a40b25415b6a48c, type: 3}
  m_Name: 
  m_EditorClassIdentifier: 
  AsteroidHealth: 0
  leftConstraint: 0
  rightConstraint: 0
  bottomConstraint: 0
  topConstraint: 0
  buffer: 0.65
  distanceZ: 10
  cam: {fileID: 0}
--- !u!1001 &100100000
Prefab:
  m_ObjectHideFlags: 1
  serializedVersion: 2
  m_Modification:
    m_TransformParent: {fileID: 0}
    m_Modifications:
    - target: {fileID: 0}
      propertyPath: mediumAstroid
      value: 
      objectReference: {fileID: 112064, guid: c170de42639c0f9469b17941e343ff4b, type: 2}
    - target: {fileID: 0}
      propertyPath: smallAstroid
      value: 
      objectReference: {fileID: 105214, guid: 3c9d9efbb4fa7f442be144d4e062077f, type: 2}
    - target: {fileID: 0}
      propertyPath: m_AngularDrag
      value: 8
      objectReference: {fileID: 0}
    - target: {fileID: 0}
      propertyPath: m_Constraints
      value: 120
      objectReference: {fileID: 0}
    - target: {fileID: 0}
      propertyPath: m_Materials.Array.data[0]
      value: 
      objectReference: {fileID: 2100000, guid: 24e16b564a20fe041a283caee3eb7f27, type: 2}
    - target: {fileID: 0}
      propertyPath: m_Layer
      value: 13
      objectReference: {fileID: 0}
    - target: {fileID: 0}
      propertyPath: m_TagString
      value: EnemyProjectile
      objectReference: {fileID: 0}
    - target: {fileID: 0}
      propertyPath: speed
      value: 0.65
      objectReference: {fileID: 0}
    - target: {fileID: 0}
      propertyPath: buffer
      value: 0.65
      objectReference: {fileID: 0}
    - target: {fileID: 0}
      propertyPath: maxDistance
      value: 400
      objectReference: {fileID: 0}
    - target: {fileID: 0}
      propertyPath: m_Mass
      value: 100
      objectReference: {fileID: 0}
    m_RemovedComponents: []
  m_ParentPrefab: {fileID: 0}
  m_RootGameObject: {fileID: 178598}
  m_IsPrefabParent: 1
